2393 3731
1630 293 1709 357 43

87 376 231 437 stem
246 370 506 453 Regiam
538 368 882 448 promptior
919 368 1163 427 animus
1199 363 1514 427 revolaret
1540 367 1569 425 ἓ
1606 360 1803 426 Redi·
1866 416 1873 427 .

88 478 221 525 tum
238 475 441 520 autem
475 454 655 514 illum
690 472 1073 534 nequaquam
1112 448 1484 533 simplicem,
1517 473 1631 515 aut
1666 453 1804 517 soli-

94 549 320 610 tarium
355 540 768 604 adornaverat
810 584 824 607 ,
862 541 969 621 qui
1015 542 1270 599 Annam
1310 541 1662 622 conjugem,
1698 546 1805 624 qui

92 632 387 695 carolum
413 629 645 712 Regem
670 626 935 686 Fratrem
959 671 977 694 ,
1015 629 1122 708 qui
1143 642 1238 686 tot
1276 625 1353 688 ab
1387 625 1703 689 haereseos
1739 627 1808 688 fi-

95 723 228 805 gnis
249 714 524 780 divulsas
541 712 869 776 illustrium
907 712 1277 773 bellatorum
1314 718 1528 796 copias
1571 719 1809 797 praemi-

92 806 262 869 ierat:
282 807 386 886 qui
406 800 755 864 immensam
771 804 901 861 auri
925 799 1200 868 vim,fi1is
1220 797 1419 862 usibus
1444 800 1807 871 detractam,

94 893 170 975 jis
188 888 592 953 sustentandis
611 886 1185 971 impen.derat‚quos
1204 886 1281 949 ab
1305 890 1558 972 Anglia‚
1582 890 1813 960 Scotia,

97 977 425 1045 Hibernia,
445 975 642 1043 Fidei,
662 981 724 1036 ὃς
740 974 930 1057 Regis
950 995 1119 1035 amor
1139 974 1480 1039 abduxerat
1496 1023 1508 1037 .
1542 976 1676 1058 Qui
1710 976 1815 1038 de-

99 1087 267 1128 mum
290 1063 589 1125 Romanae
606 1066 669 1124 in
694 1063 924 1146 Anglia
945 1060 1120 1123 Fidei
1142 1060 1375 1125 firmius
1408 1069 1471 1126 in
1508 1059 1815 1148 posterum

103 1149 490 1215 stabiliendae
532 1150 715 1233 vigili
749 1147 1077 1232 solertique
1099 1169 1242 1210 cura
1266 1196 1281 1219 ‚
1339 1150 1819 1215 nobilillimanu

105 1239 413 1306 Sobolem,
432 1235 655 1299 Valliae
680 1237 1018 1318 Principem
1041 1240 1105 1298 in
1126 1235 1256 1297 smu
1277 1236 1628 1323 Religionis
1650 1239 1817 1302 insti-

107 1342 336 1388 tuerat.
375 1324 554 1406 Qid
575 1341 781 1386 autem
803 1323 1024 1385 Valliae
1071 1323 1420 1409 Principem
1457 1329 1645 1390 dico?
1681 1335 1820 1394 lmo

112 1432 262 1476 vero
295 1411 582 1480 Iacobum
619 1411 728 1470 ΙΙΙ.
763 1409 1065 1470 bonorum
1097 1418 1377 1474 omnium
1410 1419 1633 1481 animis
1664 1419 1816 1484 laeti-

113 1503 204 1561 tia
235 1495 625 1582 gestientibus
646 1541 660 1565 ,
691 1499 726 1554 a
762 1494 1106 1558 Ludovico
1144 1498 1387 1580 Magno
1419 1501 1820 1569 Christianis.

112 1583 261 1647 fimo
293 1583 464 1664 Rege
487 1628 501 1650 ‚
522 1586 822 1651 maximo,
860 1580 1397 1668 laudatiffimoque
1434 1586 1650 1660 Fidei,
1684 1593 1816 1656 Pie-

102 1675 260 1733 'tatis
285 1715 300 1738 ‚
336 1668 687 1752 Religionis
706 1669 1024 1752 exemplo,
1060 1690 1290 1754 magnae
1317 1671 1655 1739 Britanniae
1691 1680 1817 1744 Re-

115 1779 251 1842 gem
271 1756 600 1817 salutatum
622 1802 633 1812 .
665 1757 725 1817 Is
745 1800 760 1824 ,
792 1774 865 1818 ut
884 1778 957 1817 ex
978 1755 1099 1818 hoc
1119 1763 1317 1820 aetatis
1337 1758 1482 1823 flore
1497 1765 1818 1831 certissima

114 1844 175 1910 se
192 1840 466 1928 produnt
485 1841 751 1927 auspicia
771 1889 785 1911 ‚
799 1842 983 1906 laude
1000 1844 1218 1906 bellica
1235 1890 1250 1914 ‚
1266 1844 1562 1912 Jacobum
1581 1851 1822 1918 Ducem

119 1927 570 1999 Eboracenierr13
598 1928 772 1991 Fidei
805 1937 1336 2014 propugnatione,
1361 1937 1655 2005 Iacobum
1694 1942 1818 2006 Re-

121 2041 252 2102 gem
273 2015 735 2078 cumulatissime
753 2017 965 2080 referet
988 2043 1000 2078 :
1040 2018 1318 2101 Ejusdem
1338 2044 1489 2086 vero
1508 2025 1817 2091 Exilium

121 2102 488 2169 Christianae
524 2102 911 2187 Reipublicae
945 2105 1321 2169 meritissimo
1355 2111 1481 2192 jure
1528 2117 1819 2179 acerbiffi-

124 2213 313 2260 mum,
332 2187 701 2274 optatiffima
717 2190 1130 2276 diuturnaque
1146 2194 1429 2277 pensabit
1447 2246 1461 2269 ,
1501 2204 1671 2282 quod
1691 2205 1812 2267 Re.²

128 2298 385 2362 gnorum
414 2276 754 2360 Sospitator
789 2300 1025 2342 annuat
1059 2280 1257 2351 Deus,
1290 2287 1586 2371 regnandi
1622 2290 1815 2357 felici..

125 2381 295 2430 tate.)
328 2409 342 2422 .
