2393 3731
1660 284 1745 351 41.

135 387 372 454 peretur
390 414 404 437 ,
443 363 675 447 Regem
711 356 953 423 deceret
991 383 1001 420 :
1035 355 1429 443 Religionem
1457 358 1612 419 vero
1652 360 1687 414 a
1718 356 1839 416 suis

135 459 370 541 Regnis
390 453 734 514 exulantem
771 454 843 509 eo
885 450 1197 530 gravatius
1240 444 1473 517 ferebat
1493 488 1508 511 ,
1556 447 1681 524 quo
1718 440 1845 502 Re-

135 565 338 628 gnum,
357 546 418 601 in
438 561 560 622 quo
577 535 936 600 versabatur
956 578 968 602 ,
992 530 1319 615 Religioni
1343 529 1661 592 addictius
1691 523 1843 587 effe)

135 629 414 691 cernebat
437 626 600 686 .Im0
620 629 788 690 vero,
810 643 948 682 cum
971 618 1361 702 profligatam
1383 622 1447 679 in
1468 618 1522 674 A
1539 616 1702 699 nglia
1721 612 1845 674 Re-

135 718 385 799 ligionis
404 711 640 775 causam
661 755 674 777 ‚
691 730 830 770 cum
850 706 1225 769 Catholicos
1247 706 1528 767 Proceres
1560 707 1595 762 a
1639 701 1843 783 Magi·
1867 718 1871 720 “

135 802 417 865 stratibus
455 797 814 860 deturbatos
832 841 849 873 2
878 814 1018 857 cum
1057 811 1154 856 tot
1187 790 1603 877 praestantium
1643 786 1845 849 homi-

130 912 278 951 num
299 888 374 950 ab
412 886 538 948 illis
566 884 799 967 Regnis
838 881 1162 965 ejeclorum
1210 880 1529 963 egestatem
1564 922 1579 946 ‚
1611 875 1845 958 squalo-

130 999 253 1038 rem
280 1021 291 1042 ‚
327 993 642 1056 rerumque
679 976 956 1032 omnium
995 972 1313 1051 penuriam
1344 964 1553 1051 paffim
1588 965 1844 1045 Europa:

131 1063 351 1144 Regna
375 1056 609 1120 summa
630 1056 881 1120 tristitia
906 1100 920 1125 ,
952 1056 1245 1136 lacrymis
1266 1102 1279 1124 ‚
1317 1050 1850 1115 commiseratione

129 1148 633 1231 proiequerentur
653 1143 937 1229 lugubres
958 1144 1079 1206 111ae
1121 1147 1396 1204 :mnium
1440 1160 1626 1204 voces
1646 1182 1659 1207 ‚
1687 1134 1846 1198 ille>
1883 1189 1887 1193 .

126 1235 507 1317 Populorum
529 1233 731 1296 luctus
754 1280 768 1301 ,
789 1240 851 1294 ὃς
869 1227 1266 1314 querimoniae
1286 1276 1300 1298 ‚
1352 1229 1571 1293 Κρήτη)
1614 1222 1849 1305 praeser-

125 1324 261 1387 tim,
282 1321 695 1401 pulcherrima
713 1318 994 1383 frustrata
1008 1317 1110 1402 spe
1134 1315 1510 1380 nobiliffimae
1533 1313 1748 1375 lui‘ulae
1769 1305 1852 1372 ad

128 1409 308 1472 avita
328 1402 509 1466 Fidei
527 1405 688 1487 signa
707 1404 1084 1473 reducendae,
1105 1404 1381 1486 suspiria,
1399 1409 1462 1464 in
1485 1403 1698 1473 Jacobi
1721 1400 1849 1463 ani-

125 1515 291 1557 mum
316 1489 662 1575 gravissimo
683 1490 953 1574 quodam
970 1498 1215 1574 impetu
1236 1489 1687 1552 recidebant&
1707 1506 1852 1546 moe-

128 1585 282 1644 roris
302 1577 542 1667 publici
566 1578 806 1639 causam
827 1579 1114 1649 incusare3
1134 1575 1257 1651 suis
1279 1580 1462 1637 unice
1482 1575 1848 1636 criminibus

126 1668 361 1733 :facturn
390 1660 504 1726 effe
522 1667 726 1747 palam
746 1663 1038 1748 profiteri,
1059 1681 1130 1725 ut
1154 1681 1339 1726 tantae
1362 1660 1566 1724 cursus
1587 1658 1851 1722 felicita-

133 1759 213 1818 tis
229 1748 620 1815 intercideret
639 1798 654 1821 ,
671 1769 742 1814 ut
762 1752 870 1813 illa
890 1749 1247 1833 Regnorum
1274 1749 1599 1812 accessione
1619 1746 1805 1809 Fides
1826 1792 1841 1815 ‚

131 1848 195 1905 &
228 1839 483 1921 Religio
516 1837 972 1909 viduarentur.
1026 1841 1265 1900 Interea
1304 1838 1656 1900 admirabh
1703 1836 1847 1896 illa,

131 1927 341 1990 Exulis
362 1928 610 2008 pietate,
631 1924 1429 1994 constantia'siubmiffione
1448 1972 1461 1993 ‚
1510 1926 1849 2007 quantavis

131 2014 490 2096 Regnorum
510 2011 843 2096 adeptione
861 2010 1187 2094 jucundius
1208 2013 1461 2095 Religio
1483 2010 1809 2073 laetabatur
1837 2052 1850 2067 .

133 2100 339 2163 Nullo
359 2097 538 2162 facile
554 2105 861 2184 iniquiore
894 2100 1034 2161 loco
1068 2119 1157 2162 res
1195 2100 1498 2162 Romanae
1537 2097 1787 2159 fuerunt
1835 2136 1852 2165 -,

135 2209 319 2271 quarn
353 2208 490 2247 cum
513 2231 527 2256 ‚
563 2192 990 2251 circumvento
1023 2188 1100 2248 ab
1138 2185 1444 2249 Hostibus
1479 2183 1815 2268 Capitolio
1839 2230 1851 2253 ,

135 2273 367 2343 Roma,
385 2290 456 2334 ut
475 2274 613 2336 sunt
633 2273 936 2338 Historici
956 2274 1143 2337 verba
1166 2317 1180 2342 ,
1219 2274 1382 2338 nihil
1402 2272 1678 2334 habebat
1717 2273 1854 2333 reli-

139 2381 347 2445 quum,
370 2368 813 2443 praeterJoVein
833 2359 1127 2423 obsessum
1152 2408 1166 2430 ‚
1205 2367 1268 2424 &
1310 2361 1653 2423 Camillum
1691 2358 1854 2420 Exu-

139 2449 260 2511 lem
279 2496 292 2508 .
331 2447 861 2511 Calamitofislima
878 2466 1036 2510 certe
1057 2471 1286 2533 magnae
1306 2447 1638 2510 Britanniae
1665 2445 1854 2507 facies

144 2534 269 2598 fuit
289 2579 303 2603 ‚
324 2555 464 2597 curn
483 2535 739 2621 Religio
756 2535 918 2598 nihil
938 2535 1242 2598 residuum
1262 2537 1571 2598 obtineret
1589 2580 1602 2603 ,
1643 2551 1856 2616 praeter

143 2618 390 2686 validas
407 2622 656 2707 quidem
679 2668 695 2694 ‚
731 2623 1097 2707 sedexiguas
1136 2623 1618 2686 Catholicorum
1646 2624 1856 2704 copias

148 2707 382 2772 ibidem
419 2707 629 2772 misere
665 2717 1001 2795 exagitatas
1021 2757 1036 2781 ‚
1081 2716 1146 2774 &
1175 2711 1472 2784 Iacobum
1509 2710 1554 2771 15
1565 2709 1824 2769 sulem*
1843 2748 1856 2764 .

151 2795 424 2858 Gemino
442 2796 550 2859 illa
572 2796 920 2879 spectaculo
938 2797 1141 2860 media
1162 2844 1176 2865 ‚
1213 2798 1360 2861 hine
1380 2819 1579 2860 comm
1594 2796 1862 2857 {seratio-

153 2905 290 2945 nem
311 2888 378 2945 in
398 2880 683 2968 Regnum
705 2929 718 2955 ,
741 2908 880 2949 amo
890 2909 977 2948 res
993 2886 1167 2947 illinc
1185 2885 1322 2947 suos
1340 2884 1723 2969 partiebatur
1754 2886 1860 2942 in.)

156 2969 392 3053 Regem
414 3012 426 3024 -
469 2970 671 3034 Insula
694 3016 708 3042 ,
744 2994 877 3058 quae
899 2975 1050 3036 olim
1067 2973 1323 3035 Pietatis
1344 2972 1548 3034 studio
1581 2969 1661 3032 ad
1697 2970 1862 3031 invi-

160 3055 329 3119 diam
349 3063 758 3122 maximarum
785 3067 1066 3144 gentium
1102 3059 1454 3122 effloruerat
1473 3106 1488 3129 ,
1519 3053 1858 3120 foedissimis

165 3163 325 3205 nunc
343 3145 642 3208 erroribus
665 3141 1028 3231 deturpatas
1065 3148 1235 3208 illam
1259 3145 1654 3211 vehementer
1689 3163 1761 3202 an
1773 3162 1861 3222 ge-

1021 3266 1023 3268 ·
1060 3232 1121 3293 L
1640 3229 1769 3292 bat3
