2393 3731
631 288 668 327 2

496 288 696 418 muglta
715 351 1055 437 perstrinxi,
1075 354 1165 412 ita
1186 350 1398 413 eadem
1420 347 1605 412 essent
1624 351 1706 415 ad
1727 353 1908 419 vestri
1927 354 2159 419 doloris
2178 355 2277 417 de-

498 445 897 506 linimentum
919 439 1063 502 satis
1087 483 1096 494 .
1130 443 1228 512 Ut
1250 439 1431 521 hujus
1455 439 1725 503 vulneris
1745 444 2085 513 acerbitati,
2105 443 2276 527 quod

497 535 721 594 merito
741 534 808 591 in
829 527 1218 612 Reipublicae
1235 526 1601 592 Christianae
1622 530 1847 610 pectus,
1863 532 2041 615 supra
2059 552 2280 615 quam-2

491 623 799 701 cuiquam
823 614 1110 678 aestimare
1129 615 1310 678 liceat
1330 661 1344 684 ,
1384 615 1508 679 alte
1526 614 1844 682 descendit
1862 664 1876 690 ,
1894 619 2275 684 levationem

496 705 830 767 adhibeam
843 704 1110 788 aliquam
1133 748 1145 772 ,
1187 702 1508 786 aliquanto
1527 702 1708 767 latius
1730 703 1859 770 haec
1876 705 2008 788 ipsa
2027 705 2104 767 de
2122 704 2276 767 sum-

494 815 597 856 mo
616 792 808 874 Rege,
825 811 949 851 non
971 791 1090 852 alia
1111 788 1390 853 referam:
1415 810 1610 873 neque
1629 797 1815 874 porro
1831 791 1986 876 quid
2004 790 2133 877 ipse
2166 814 2275 877 po-

497 878 696 949 stulet,
719 878 898 961 supra
917 898 1160 942 omnem
1194 876 1533 941 ambitiosae
1552 877 1934 943 laudationis
1953 877 2277 941 audaciam
2374 905 2386 914 ’-

493 966 1071 1051 constitutu57quam
1092 963 1245 1048 quid
1264 964 1460 1029 vestra
1478 965 1590 1044 hec
1609 966 1845 1050 presens
1863 965 2153 1029 moe-stitia
2170 965 2278 1027 fla-

491 1059 646 1139 gitet
668 1100 681 1124 ‚
697 1053 996 1137 reputabo
1018 1099 1030 1110 .
1052 1050 1242 1116 Nihil
1261 1051 1526 1136 proinde
1548 1053 1625 1116 ab
1646 1055 1944 1117 iustitutae
1989 1057 2274 1138 partitio-

493 1149 590 1203 nis
611 1145 848 1204 ratione
868 1139 1480 1211 deflectenfficonabm·
1498 1141 2161 1212 ostendere,militarem
2181 1140 2274 1202 di-

496 1227 816 1314 sciplinam
832 1227 913 1290 ad
928 1227 1221 1291 summam
1244 1230 1498 1313 gloriam
1517 1228 1781 1295 evexisse
1805 1230 2099 1295 Iacobum
2140 1227 2271 1289 Du-

489 1316 621 1379 cem
643 1316 1077 1379 Eboracensem
1099 1343 1111 1391 3
1137 1334 1320 1382 Vetus
1339 1364 1352 1389 ‚
1373 1324 1435 1380 ὃ(
1455 1335 1744 1403 agnatum
1771 1318 2059 1400 Anglicis
2078 1314 2268 1399 Regi-

485 1404 600 1468 bus
622 1422 1094 1493 cognomentum
1118 1404 1298 1467 Fidei
1318 1403 1669 1467 Defensoris
1691 1402 1943 1486 aequaffe
1978 1401 2271 1481 Iacobum

484 1491 722 1576 Regem
759 1517 772 1562 3
820 1488 966 1553 fines
1007 1491 1290 1551 humanae
1327 1489 1713 1553 conditionis
1760 1485 2271 1577 praetergressum„

489 1578 766 1642 Heroem
788 1572 1115 1659 expreffisse
1128 1576 1422 1646 Jacobum
1447 1577 1701 1643 Exulem
1720 1622 1733 1637 .
1768 1575 1770 1577 ’

615 1662 964 1748 Expendite
986 1680 1190 1727 autem
1208 1681 1500 1748 quantam
1519 1662 1600 1726 ad
1632 1684 1754 1724 rem
1787 1664 2070 1726 bellicam
2103 1688 2268 1728 com-

482 1749 943 1818 mendationem
966 1748 1174 1813 afferat
1193 1798 1207 1820 ,
1246 1755 1354 1835 qui
1383 1749 1718 1812 duodecim
1756 1749 1938 1836 supra
1973 1770 2267 1815 centum,

485 1843 810 1906 Scotorum
832 1836 1077 1921 Regum
1096 1837 1358 1922 Infignia
1381 1884 1394 1908 ,
1417 1837 1741 1924 Fascesque
1762 1837 2071 1924 percenset
2093 1865 2106 1911 3
2156 1844 2267 1925 qui

484 1945 583 1992 tot
603 1926 795 1988 Domi
829 1926 1106 2008 exempla
1128 1972 1142 1995 ,
1180 1944 1277 1990 tot
1310 1927 1555 1991 summae
1590 1925 1797 2009 gloriae
1831 1946 2268 1989 monumenta„

484 2013 901 2096 circumspicit
926 2061 934 2070 .
957 2012 1244 2098 fulgores
1266 2015 1559 2077 Avorum
1578 2014 1718 2075 illos
1735 2011 2021 2075 sustinuit
2053 2018 2267 2077 incon-

485 2107 705 2167 nivens
727 2101 1012 2162 decennis
1033 2103 1218 2163 Puer.
1242 2101 1477 2171 ArmiS,
1497 2099 1760 2183 sagoque
1780 2104 1937 2163 inter
1952 2100 2173 2169 bullas,
2195 2106 2260 2163 &

486 2187 825 2272 crepundia
841 2187 1209 2250 candidatus
1230 2236 1244 2258 ‚
1274 2187 1489 2251 Caroli
1508 2186 1699 2272 Regis
1720 2187 1992 2251 Parentis
2013 2187 2104 2251 sui
2123 2208 2260 2271 pro-

487 2273 811 2363 pugnator,
833 2280 1079 2360 primos‚
1099 2276 1313 2361 eosque
1329 2293 1593 2339 armatos
1611 2297 1843 2338 amores
1863 2275 2088 2337 Pietati
2110 2321 2125 2344 ‚
2142 2278 2261 2358 pri-

490 2388 588 2429 ma
609 2363 757 2429 odia
776 2362 1032 2426 sacliofis
1053 2366 1330 2448 partibus
1350 2363 1982 2450 Anglici‚Scoticique
2003 2362 2261 2426 Senatus

471 2453 473 2455 ’
493 2455 743 2516 litavit.
769 2449 1002 2526 Gloriae
1021 2451 1136 2515 suae
1157 2451 1285 2537 ipsa
1303 2473 1598 2518 annorum
1622 2452 1954 2513 acerbitate
1972 2454 2270 2513 maturior

495 2545 695 2606 vitam
714 2585 728 2610 ‚
749 2560 929 2624 quam
947 2560 1146 2603 recens
1168 2557 1483 2625 acceperat
1504 2586 1518 2609 ,
1559 2539 1720 2601 Patri
1754 2537 1996 2600 festinat
2031 2544 2264 2621 impen-

498 2627 639 2689 dere
655 2673 668 2699 ‚
692 2629 961 2711 egregius
982 2626 1331 2692 Foenerator
1355 2624 1666 2696 beneficii,
1703 2624 1873 2710 quod
1892 2629 2006 2702 vix
2040 2645 2266 2708 cogno-

496 2731 672 2779 verat
693 2761 703 2774 .
732 2723 784 2773 A
800 2730 944 2798 tque
961 2720 1198 2779 utinam
1220 2733 1476 2779 conatus
1491 2715 1594 2776 ille
1612 2731 1737 2777 tam
1756 2712 2015 2777 feliciter
2032 2707 2270 2797 proces-⁴

498 2799 669 2870 sisset,
689 2823 868 2886 quam
891 2801 1011 2865 fuit
1030 2802 1281 2866 honesta
1297 2801 1474 2865 causa
1490 2801 1798 2886 susceptus
1820 2847 1832 2858 .
1873 2799 2008 2861 Nec
2028 2799 2265 2863 idcirco

499 2887 740 2952 fortiter
777 2888 1105 2951 audentem
1154 2889 1583 2974 usquequaque
1633 2905 1894 2951 eventus
1946 2885 2214 2948 deseruit
2251 2926 2264 2942 .

499 2977 564 3037 N
577 2997 673 3035 am
692 2980 799 3059 qui
818 2976 1143 3059 praeseptus
1161 2975 1435 3060 undique
1454 2975 1797 3039 interversae
1816 2973 2264 3037 dominationis

502 3063 891 3145 Legionariis
912 3109 925 3132 ‚
948 3066 1191 3126 Oxonii
1210 3110 1225 3132 ‚
1248 3063 1533 3125 Londini
1556 3107 1571 3132 ,
1605 3061 1687 3124 ad
1719 3061 1997 3124 Castrum
2032 3059 2266 3123 Riche-

503 3149 789 3220 mondiaa
807 3150 887 3212 ad
905 3149 1187 3214 Castrum
1205 3149 1491 3221 Novum,
1511 3154 1577 3214 in
1591 3149 1785 3214 Curia
1806 3148 2053 3212 demum
2071 3146 2270 3209 Ham·

1984 3257 2183 3320 pona-

2390 2350 2391 2362 1

2390 2371 2391 2381 π

2390 2404 2391 2412 η

2389 2436 2390 2443 η

2389 2465 2393 2554 Ὗ

2388 2566 2389 2578 1

2386 2583 2390 2607 ἱ

2387 2615 2389 2624 v
