2393 3731
462 225 696 400 jaggbi
723 313 806 391 H.
820 305 1269 418 gloriofiffimi
1296 310 1573 387 Parentis
1602 310 1766 393 Tui,
1789 310 2040 394 Jacobe
2070 309 2237 394 Rex,

463 423 906 507 amantissi'mi
956 423 1089 503 Tui
1119 424 1445 531 Conjugis
1463 482 1479 505 ‚
1532 425 1756 505 Maria
1784 428 2061 507 Estenfis
2102 424 2235 501 Re-

462 546 646 651 gina,
694 535 852 643 juffu
879 534 1415 619 Eminentiffimi
1441 537 1679 619 SRE,
1708 538 2071 619 Cardinalis
2100 540 2235 617 Ca-

459 651 576 735 roli
604 654 937 735 Barberini
963 711 981 737 ‚
1006 657 1041 733 a
1068 683 1177 732 me
1202 683 1416 731 recens
1443 649 1663 733 habita
1689 711 1706 736 ‚
1734 685 1868 732 non
1896 659 2229 762 ingratum

459 767 677 847 Vobis
716 768 856 849 fore
928 767 1250 879 sperarem
1313 766 1805 875 qualecumque
1847 775 1976 846 hoc
2026 766 2231 866 obser-

457 891 684 964 vantiae
711 887 775 963 in
804 883 949 963 Vos
978 912 1139 961 meae
1166 939 1183 965 ‚
1207 898 1273 959 &
1300 874 1876 991 obsequentiffimi
1917 886 2119 960 animi
2146 908 2231 958 te-

454 999 844 1078 stimonium
873 1061 887 1075 .
926 994 1122 1099 Qid
1148 1001 1325 1073 enim
1352 994 1693 1099 jucundius
1722 997 2050 1104 Conjugis
2079 1028 2230 1087 ocu-

454 1110 522 1188 lis
547 1117 829 1190 incurrat
856 1170 872 1196 ‚
898 1139 1109 1219 quam
1139 1116 1454 1220 praeconia
1471 1109 1800 1220 Conjugis
1828 1126 1849 1186 ἓ
1875 1110 2070 1211 Qid
2099 1110 2230 1187 Re-

451 1233 560 1333 gia
585 1224 851 1303 Soboles
902 1224 1147 1302 avidius
1199 1226 1492 1335 perlegat
1528 1284 1544 1308 ,
1594 1255 1802 1331 quarn
1852 1228 2229 1332 consignata
2338 1316 2342 1323 Ι

451 1340 666 1419 litteris
691 1339 991 1448 exempla
1019 1340 1313 1417 Maximi
1331 1341 1655 1417 Genitoris
1683 1355 1701 1415 ἒ
1731 1337 1852 1415 Ad
1882 1341 2042 1422 haec,
2069 1370 2230 1417 cum

448 1452 682 1538 Jacobi
709 1453 915 1561 Regis
966 1452 1260 1558 praeclare
1309 1454 1647 1558 gestorum
1701 1456 1783 1528 ita
1834 1454 2000 1530 testis
2036 1453 2227 1531 fuerit

452 1570 748 1664 Conjux,
770 1592 842 1641 ut
869 1562 1157 1643 eundem
1196 1564 1459 1641 consilio
1477 1563 1983 1672 ‚prudentiaque
2009 1564 2111 1641 sua
2136 1568 2226 1665 ju-

450 1686 629 1763 verit,
656 1697 722 1758 &
747 1678 1360 1766 confirmaverit5ita
1387 1677 1741 1756 admirator
1770 1679 1962 1754 fuerit
1990 1679 2179 1755 Filius
2206 1739 2222 1763 ‚

453 1822 529 1875 ut
557 1823 850 1905 paternas
878 1797 1137 1872 virtutes
1164 1794 1478 1903 praestanti
1505 1796 1731 1869 animo
1758 1797 2009 1903 penitus
2038 1791 2224 1870 imbia

452 1910 636 1992 berit,
653 1940 733 1985 eo
762 1909 952 2016 plane
976 1906 1145 1990 fit‚ut
1170 1905 1414 2016 duplici
1441 1931 1716 2015 uterque
1742 1907 1930 1983 titulo
1957 1911 2219 1984 extincti

451 2025 661 2130 Regis
676 2021 989 2103 laudes,ut
1005 2025 1291 2131 proprias
1317 2019 2225 2132 accipiat‚habeatq;primum

456 2136 720 2217 vinculo
758 2135 1073 2243 sanguinis
1099 2193 1115 2218 ‚
1177 2133 1364 2241 quod
1404 2138 1495 2212 est
1543 2139 1801 2240 utrique
1825 2164 2221 2222 commune3

458 2259 694 2333 iterum
710 2309 724 2334 ‚
741 2250 969 2329 Altera
996 2249 1293 2328 societate
1319 2246 1519 2325 laudis
1544 2307 1561 2332 ‚
1600 2251 1793 2327 Alter
1817 2248 2227 2326 aemulatione

456 2369 729 2447 Virtutis
757 2430 770 2443 .
832 2365 1087 2470 Neque
1125 2368 1276 2440 vero
1304 2361 1678 2468 quidquam
1708 2360 1925 2441 obstat
1950 2367 2013 2441 in
2039 2364 2225 2439 Sum-

457 2486 553 2562 mi
580 2479 783 2588 Regis
810 2476 1181 2557 Virtutibus
1231 2476 1562 2556 efferendis
1587 2477 1903 2555 facultatis
1954 2507 2114 2587 meae
2139 2507 2226 2553 te-

459 2599 667 2674 nuitas
695 2628 707 2669 :
764 2623 971 2700 quam
999 2598 1311 2671 nimirum
1339 2618 1598 2668 ornatus
1648 2596 1836 2692 ceteri
1888 2589 2225 2702 splendore

460 2705 1049 2788 Eminentiffimus
1077 2708 1374 2815 Princeps
1391 2706 1674 2783 Carolus
1691 2704 2057 2784 Cardinalis
2076 2707 2226 2781 Bar-

459 2821 715 2902 berinus
742 2826 824 2898 ita
851 2820 1253 2928 inumbravit
1277 2879 1293 2904 ‚
1330 2838 1395 2898 δε
1432 2818 1649 2897 obruit
1677 2880 1694 2905 ,
1731 2847 1805 2898 ut
1830 2850 1988 2896 cum
2029 2823 2226 2926 parie-

462 2964 551 3014 tes
577 2938 689 3044 ipsl
714 2935 1152 3015 Numismatis
1183 2995 1199 3020 ,
1234 2933 1672 3014 Emblematis
1697 2993 1714 3017 ‚
1754 2933 1960 3012 aliisve
1993 2930 2225 3016 Jacobi
2304 2983 2334 3038 ‚‘

465 3052 816 3130 Virtutum
845 3048 1154 3161 symbolis
1180 3053 1473 3162 cooperti
1523 3048 1607 3127 de
1646 3051 1774 3153 ejus
1817 3045 2226 3214 laudibsussdi-
