2393 3731
133 345 420 413 illustrior
442 341 724 424 Princeps
750 386 765 408 ‚
783 338 1118 406 palmerius
1134 338 1479 425 Roggerius
1502 279 1829 409 Comfflde

129 434 491 497 Castelmain
512 427 787 499 aJacobo
803 427 974 512 Rege
995 473 1009 496 ‚
1029 426 1302 510 obsequii
1335 427 1650 494 deferendi
1688 453 1825 514 pro-

129 518 486 601 fitendaeque
505 514 896 580 Obedientiae
913 536 1052 596 ergo
1092 513 1325 578 Orator
1342 513 1548 580 missus
1578 517 1659 580 ad
1696 519 1826 582 ,Ro-

131 626 374 672 manum
400 600 754 667 Pontificem
774 646 789 671 ,
811 601 1223 684 Anglicorum
1243 601 1488 684 Regum
1535 603 1826 686 Legatio-

128 716 262 758 nem
284 694 614 773 iniquitate
633 705 976 771 temporum
997 686 1214 770 perdiu
1233 685 1628 753 intermissam
1664 689 1827 754 resti-

127 783 254 843 tuit
290 825 301 838 .
407 793 589 840 uanta
623 781 774 839 vero
812 780 1144 839 comitatus
1178 773 1470 839 lectiffimi
1507 796 1770 859 pompa-2
1807 822 1823 848 ,

125 881 355 950 quanta
373 868 504 926 auri
521 861 884 948 profufione,
908 862 1242 944 Aulicique
1258 879 1591 945 apparatus
1609 863 1783 927 cultu
1803 909 1818 935 ,

125 955 439 1036 elegantia,
459 953 639 1033 copia
654 948 915 1012 restituit
937 950 1206 1014 ?Iterum
1228 948 1439 1013 vestris
1458 950 1654 1012 oculis
1685 950 1820 1013 sub-

123 1040 361 1123 jicerem
382 1080 398 1107 ‚
412 1034 493 1100 ad
511 1037 919 1121 spectaculum
935 1034 1283 1101 saeculorum
1303 1036 1622 1117 interjectu
1656 1056 1819 1103 nom,

123 1124 499 1208 usurpatum,
519 1124 865 1188 exilientem
888 1122 1122 1196 Urbem
1145 1146 1158 1186 ;
1194 1143 1331 1184 cum
1354 1121 1815 1188 confertiffimus

122 1211 350 1294 ubique
388 1210 656 1293 populus
688 1209 1235 1293 praetergradientis
1271 1230 1479 1273 currus
1520 1209 1765 1295 stiparet
1799 1236 1814 1282 ;

120 1295 485 1379 cum'paffim
500 1296 582 1360 ad
607 1295 901 1362 Caelitum
919 1299 1078 1361 Aras
1119 1297 1252 1359 Deo
1285 1312 1479 1377 grates
1511 1295 1814 1381 persolve-

124 1402 248 1452 ταῖς
285 1380 424 1444 eum
444 1380 662 1442 summi
690 1383 878 1463 Regis
898 1380 1300 1446 studiofiffimi
1327 1381 1466 1449 Viri
1503 1384 1811 1468 Principes

119 1469 390 1552 Regium
412 1466 734 1532 Oratorem
754 1467 955 1550 Regia
973 1465 1425 1549 magnificentia
1444 1474 1812 1553 exciperent.

118 1556 238 1620 Sed
258 1560 382 1639 quo
404 1571 549 1628 tunc
570 1552 922 1619 laetabamur
939 1551 1628 1622 effufius‚vehementius
1651 1578 1814 1621 nunc

117 1663 370 1706 moerore
389 1638 745 1705 conficimur
766 1685 780 1708 ‚
817 1646 878 1705 ὃς
899 1661 972 1704 ex
991 1640 1237 1703 illorum
1260 1636 1557 1707 felicitate
1578 1660 1814 1729 tempo-

116 1750 252 1791 rum
273 1731 462 1809 magis
482 1772 495 1796 ‚
534 1724 839 1809 magisque
858 1725 983 1788 haec
1004 1724 1317 1809 praesentia
1338 1727 1593 1793 vulnera
1615 1750 1812 1794 recru-

118 1813 397 1879 descunt.
434 1813 560 1898 Ego
580 1829 767 1881 certe,
805 1810 1167 1877 nobiliffime
1201 1811 1427 1880 Comes
1468 1812 1546 1879 de
1584 1813 1812 1881 Castel-

115 1907 302 1969 main‚
323 1921 461 1965 cum
482 1917 540 1961 te
559 1923 632 1963 ex
651 1899 776 1963 alio
796 1898 1069 1983 suggestu
1090 1897 1440 1982 praesentem
1461 1901 1810 1989 alloquerer,

117 1987 355 2069 tibique
376 1984 930 2069 inaugurationem
951 1990 1179 2069 optimi
1209 1986 1435 2073 Regis,
1483 1993 1584 2052 cui
1617 1989 1810 2054 nostri

115 2072 379 2136 Ordinis
400 2072 710 2142 homines,
742 2073 955 2137 multis
988 2072 1430 2157 perspectisque
1467 2074 1544 2138 de
1584 2075 1770 2141 eaufis
1791 2123 1806 2147 2

115 2156 554 2224 devinctissimi
579 2155 783 2230 essent,
802 2157 1049 2245 publice
1070 2162 1414 2242 gratularer²
1435 2161 1805 2228 constituen-

114 2244 317 2310 duma
345 2244 572 2309 Jacobo
605 2244 855 2308 firmiter
888 2245 1175 2328 Regnum
1199 2293 1214 2317 ‚
1250 2247 1510 2331 gloriose
1546 2249 1809 2337 amplifi-

112 2330 398 2400 candum,
420 2329 710 2395 laetiffima
730 2330 978 2396 demum
998 2338 1203 2396 omnia
1228 2333 1654 2418 praecipiebam
1678 2341 1805 2401 ani-

112 2441 243 2490 mo;
269 2439 391 2481 non
413 2417 593 2499 hujus
617 2418 740 2483 diei
762 2417 1110 2484 moestitiam
1128 2465 1141 2488 ‚
1165 2441 1288 2485 non
1311 2442 1607 2504 pompam
1633 2423 1803 2488 istam

110 2505 508 2586 Exequialem
526 2505 889 2587 cogitabam
909 2528 1004 2569 me
1023 2511 1186 2574 vero,
1208 2511 1310 2589 qui
1332 2529 1531 2573 recens
1551 2513 1803 2594 inaugu-

110 2596 228 2656 rati
243 2590 435 2674 Regis
457 2591 742 2655 laudator
759 2587 1013 2662 fuissem,
1029 2591 1380 2659 acerbiffimi
1403 2593 1594 2659 hodie
1612 2595 1803 2660 Fune—

110 2682 192 2741 ris
218 2698 553 2764 praeeonem
572 2677 882 2743 futurum.
923 2678 1043 2743 Sed
1063 2679 1140 2740 ab
1175 2685 1420 2745 invicto
1453 2681 1662 2746 Jacobi
1701 2704 1800 2767 pe-

108 2783 275 2828 ctore
293 2764 488 2829 discat
505 2763 904 2830 constantiam
925 2764 1119 2829 dolor.
1146 2765 1278 2848 Qi
1293 2785 1543 2836 certem
1563 2765 1668 2831 sibi
1695 2771 1797 2832 vel

109 2855 372 2917 maxime
388 2854 643 2935 imperet
664 2898 678 2920 ,
709 2857 988 2936 intraque
1005 2857 1262 2917 rationis
1287 2852 1456 2935 septa
1480 2852 1758 2917 consistat
1782 2902 1797 2925 ,

107 2958 325 3004 vereor
356 2953 558 3001 tamen
594 2984 610 3008 ‚
643 2957 715 3003 ut
747 2938 929 3021 ipsius
967 2938 1134 3003 casus
1167 2956 1292 3003 tam
1334 2936 1577 3003 fortiter
1610 2938 1797 3004 ferre)

110 3022 306 3104 poffit,
328 3028 510 3106 quam
533 3024 658 3106 ipse
678 3026 934 3107 pertulit
953 3025 1104 3088 suos.
1131 3024 1331 3090 Fastos
1355 3025 1636 3090 evolvite
1653 3046 1798 3091 tem-

109 3128 325 3191 porum
344 3116 807 3192 praeteritorum
833 3113 1168 3177 Memorias
1190 3133 1396 3177 omnes
1434 3119 1796 3259 perpurrite:

1558 3219 1713 3261 mce-
