2393 3731
652 280 688 319 2

512 278 646 410 ba?r
645 372 658 418 3
677 343 782 407 sed
800 343 996 429 Regis
1020 349 1265 407 animus
1286 344 1465 428 supra
1481 342 1667 414 casus,
1689 349 1752 409 &
1769 350 1997 409 incerta
2032 344 2221 413 vicis:

511 433 852 496 fitudinum
874 438 907 493 a
934 435 1170 498 virtute
1187 431 1415 516 pofitus
1437 431 1798 496 sublevabat
1819 481 1830 492 .
1850 433 1962 495 Ab
1984 433 2221 515 Anglia

512 524 844 586 teterrimis
863 524 1234 603 opinionum
1259 524 1562 603 portentis
1581 526 1931 604 mancipata
1958 518 2220 583 incrediae

512 610 704 672 bilem
725 608 1152 690 aegritudinem
1173 652 1186 674 ‚
1228 608 1306 669 ab
1339 602 1689 669 inconcussa
1727 606 1919 691 Regis
1958 609 2219 669 extorris

514 694 894 759 fortitudine
911 692 1146 755 fructus
1186 695 1471 777 capiebat
1502 694 1802 772 uberrime
1842 695 2221 777 voluptatis,

511 785 582 846 A
600 782 842 865 Regnis
861 782 1015 842 olim
1033 779 1142 842 fibi
1160 778 1585 863 acceptiffimis
1605 779 1856 863 depulsa
1875 780 2223 864 languebat3

512 875 583 934 in
605 872 817 938 Jacobi
853 867 1090 951 pe&ore
1126 866 1450 928 firmisllme
1482 885 1715 930 retenta
1750 866 2180 951 triumphabat
2211 910 2224 923 .

516 955 769 1038 Qidni
819 959 972 1019 vero
1020 959 1085 1017 in
1143 956 1268 1036 ejus
1321 959 1531 1015 animo
1580 955 1969 1039 triumphum
2019 953 2224 1017 multo

516 1039 1078 1127 splendidiffimum
1099 1043 1454 1123 explicaret,
1474 1046 1578 1126 qui
1599 1064 1807 1104 omnes
1828 1041 2090 1104 fortunae
2123 1042 2223 1104 vi-

513 1151 609 1193 res
644 1128 902 1192 elideret
946 1174 964 1198 ,
996 1129 1121 1191 tela
1153 1128 1454 1212 frangeret
1490 1174 1505 1198 ‚
1535 1134 1804 1213 impetus
1840 1126 2224 1192 retardaret?

516 1216 745 1300 Neque
764 1221 928 1278 enim
946 1215 1202 1280 adversa
1222 1221 1500 1279 invenire
1520 1216 1762 1278 aditum
1783 1232 2090 1302 poterant,
2109 1212 2224 1275 ubi

517 1307 679 1369 fores
697 1326 906 1365 omnes
929 1303 1269 1366 constantia
1288 1308 1790 1387 p<raemuniverat3
1811 1327 1935 1366 non
1959 1297 2227 1383 trepida-

517 1397 632 1462 tio,
649 1409 759 1454 aut
779 1410 981 1453 metus
998 1391 1403 1472 irrepere‚-ubi
1423 1391 1714 1452 voluntas
1738 1391 1976 1452 divinae
1995 1389 2233 1449 mentis,

518 1480 779 1542 arbitrio
815 1477 873 1538 se
908 1475 1152 1536 fortiter
1181 1476 1517 1557 adjungens
1552 1522 1567 1543 ,
1604 1478 1670 1535 in
1698 1474 1828 1558 ipsa
1864 1493 2062 1536 rerum
2094 1494 2226 1533 om-

516 1570 692 1626 niurn
712 1561 1174 1646 perturbatione
1194 1561 1514 1644 plusquam
1533 1558 1600 1618 H
1607 1562 1911 1644 alcyoniae
1925 1559 2224 1641 tranquil-

517 1653 719 1714 litatis
739 1647 869 1709 dies
891 1648 1166 1730 agitabat
1190 1692 1203 1706 .
1223 1647 1413 1728 Qod
1438 1646 1804 1729 fipateretur
1818 1646 1981 1728 justae
1997 1644 2223 1707 modus

520 1735 850 1801 Orationis
865 1779 878 1802 ,
917 1752 989 1796 ut
1009 1733 1229 1796 decora
1244 1739 1413 1799 virtu
1423 1751 1553 1796 tum
1568 1738 1777 1796 omnia
1808 1731 2186 1817 persequerer
2206 1777 2223 1801 ‚

519 1846 653 1910 quae
692 1821 1043 1906 generosum
1082 1819 1246 1884 illud
1280 1820 1551 1884 Exilium
1592 1820 1968 1884 illustrarunt
1995 1866 2012 1890 ,
2060 1819 2222 1882 hanc.

519 1911 717 1997 ipsam
737 1930 854 1992 prae
868 1907 1220 1992 Religionis
1237 1929 1379 1970 cura
1396 1909 1749 1971 mortalium
1769 1909 2093 1970 titulorum
2116 1904 2222 1969 ad-

521 1999 863 2065 mirabilem
899 1994 1366 2080 despicientiam
1404 2000 1612 2057 mirari
1664 1994 2000 2056 defluerent
2033 2038 2049 2063 ‚
2110 1997 2220 2077 qui

516 2087 730 2154 Jacobi
748 2089 1020 2145 animum
1042 2103 1237 2144 rerum
1274 2080 1623 2143 Caelestium
1656 2080 1870 2143 ardore
1902 2086 2085 2143 unice
2116 2081 2221 2141 fla-

522 2194 793 2260 grantetn
818 2216 831 2238 ,
867 2192 935 2231 ac
980 2169 1170 2232 beatae
1205 2169 1374 2230 illius
1415 2168 1708 2231 Caelitum
1749 2168 1963 2230 Patriae
1994 2168 2219 2231 rivulis

519 2258 839 2344 largiffime
861 2262 1181 2340 irrigatum
1224 2255 1675 2336 pernoscerent.
1706 2254 1984 2317 Profecto
2028 2271 2219 2317 extre-

520 2369 656 2413 mos
696 2349 846 2408 vitae
882 2365 1072 2404 annos
1107 2343 1190 2404 ad
1223 2340 1590 2404 simillimam
1623 2342 1893 2424 supernis
1944 2342 2218 2405 Civibus

524 2431 796 2501 vivendi
818 2453 1092 2492 normam
1113 2433 1341 2512 exegit.
1383 2429 1625 2491 Divina
1647 2428 1841 2490 solum
1881 2451 1986 2513 per
2021 2434 2217 2490 conti-

521 2538 743 2588 nuatas
763 2518 1043 2603 precibus
1064 2534 1272 2579 noctes
1293 2563 1307 2585 ‚
1330 2515 1571 2579 Divina
1591 2515 1892 2578 sacrorum.
1927 2515 2218 2578 'Volumi-

521 2632 670 2674 num
690 2609 953 2669 lectione
973 2650 988 2673 ‚
1010 2603 1249 2667 Divina
1269 2607 1387 2687 piis
1411 2603 1697 2686 alloquiis
1718 2620 1918 2665 mente
1936 2650 1949 2672 ,
1986 2606 2179 2664 oculis
2201 2649 2217 2672 ,

517 2720 623 2761 ore
643 2694 973 2777 usurpabat
996 2737 1007 2748 .
1046 2690 1211 2753 Cum
1230 2710 1379 2754 vero
1399 2689 1589 2752 somni
1613 2695 1947 2773 exiguitate
1967 2737 1980 2759 ‚
2005 2696 2065 2752 ὃς
2087 2711 2219 2773 para

518 2782 748 2850 ciffimo
766 2781 977 2842 cibatu
996 2781 1157 2839 vires
1175 2794 1612 2847 attereret3cum
1632 2780 1985 2842 voluntaria
2003 2798 2219 2860 corpo-

522 2877 603 2937 ris
622 2868 1048 2933 afflictatione,
1069 2863 1304 2948 flagella
1318 2864 1608 2948 sanguine
1630 2865 1949 2933 imbueret,
1966 2863 2217 2947 laqueis-

523 2981 640 3044 que
671 2955 940 3037 chalybe
973 2956 1227 3014 intextis
1266 2952 1452 3013 latera
1494 2951 1916 3035 adstringeret3
1956 2958 2079 3034 ‘quo
2116 2951 2216 3012 de-

523 3067 694 3111 mum
714 3042 1044 3125 spectabat,
1064 3042 1171 3099 nin
1191 3054 1260 3099 ut
1277 3059 1494 3121 corpus
1517 3084 1531 3107 ,
1554 3058 1695 3122 tanq
1706 3060 1844 3099 uam
1862 3037 2217 3099 onerosum

525 3129 1041 3218 impedimentum
1057 3127 1356 3209 paulatim
1384 3125 1725 3189 dimitteret
1743 3172 1756 3195 ,
1784 3130 1908 3207 quo
1928 3122 2007 3187 ad
2028 3124 2216 3187 Caele„

1990 3210 2130 3273 stem
